% Bibtex for Random Forest Rule Extraction